<record><leader>00000cas a22000007a 4500</leader><controlfield tag="001">14442766</controlfield><controlfield tag="008">861020c19uu9999txudn ne      0    0eng d</controlfield><datafield ind1=" " ind2=" " tag="010"><subfield code="a">sn 86089734 </subfield></datafield><datafield ind1=" " ind2=" " tag="040"><subfield code="a">PPM</subfield><subfield code="b">eng</subfield><subfield code="c">PPM</subfield><subfield code="d">OCLCQ</subfield></datafield><datafield ind1="1" ind2=" " tag="029"><subfield code="a">AU@</subfield><subfield code="b">000050471299</subfield></datafield><datafield ind1=" " ind2=" " tag="042"><subfield code="a">msc</subfield></datafield><datafield ind1="0" ind2="0" tag="245"><subfield code="a">Mineral Wells index.</subfield></datafield><datafield ind1=" " ind2=" " tag="260"><subfield code="a">Mineral Wells, Tex. :</subfield><subfield code="b">Walter Murray</subfield></datafield><datafield ind1=" " ind2=" " tag="300"><subfield code="a">v. :</subfield><subfield code="b">ill.</subfield></datafield><datafield ind1=" " ind2=" " tag="310"><subfield code="a">Daily (except Sat.)</subfield></datafield><datafield ind1=" " ind2=" " tag="588"><subfield code="a">Description based on: Issue no. 14,675 (Mar. 1, 1949).</subfield></datafield><datafield ind1=" " ind2=" " tag="752"><subfield code="a">United States</subfield><subfield code="b">Texas</subfield><subfield code="c">Palo Pinto</subfield><subfield code="d">Mineral Wells.</subfield></datafield><datafield ind1=" " ind2=" " tag="752"><subfield code="a">United States</subfield><subfield code="b">Texas</subfield><subfield code="c">Parker</subfield><subfield code="d">Mineral Wells.</subfield></datafield><datafield ind1="0" ind2="0" tag="780"><subfield code="t">Daily index (Mineral Wells, Tex.)</subfield><subfield code="w">(DLC)sn 86064227</subfield></datafield></record>